@inproceedings{bellard2005qemu,
  title={QEMU, a fast and portable dynamic translator.},
  author={Bellard, Fabrice},
  booktitle={USENIX Annual Technical Conference, FREENIX Track},
  volume={41},
  pages={46},
  year={2005}
}

@inproceedings{sridhar2006hdtrans,
  title={HDTrans: an open source, low-level dynamic instrumentation system},
  author={Sridhar, Swaroop and Shapiro, Jonathan S and Northup, Eric and Bungale, Prashanth P},
  booktitle={Proceedings of the 2nd international conference on Virtual execution environments},
  pages={175--185},
  year={2006},
  organization={ACM}
}

@inproceedings{scott2003retargetable,
  title={Retargetable and reconfigurable software dynamic translation},
  author={Scott, Kevin and Kumar, Naveen and Velusamy, Siva and Childers, Bruce and Davidson, Jack W and Soffa, Mary Lou},
  booktitle={Proceedings of the international symposium on Code generation and optimization: feedback-directed and runtime optimization},
  pages={36--47},
  year={2003},
  organization={IEEE Computer Society}
}

@article{lawton1996bochs,
  title={Bochs: A portable pc emulator for unix/x},
  author={Lawton, Kevin P},
  journal={Linux Journal},
  volume={1996},
  number={29es},
  pages={7},
  year={1996},
  publisher={Belltown Media}
}
